@article{andersen2017faulting,
	title={Faulting and off-axis submarine massive sulfide accumulation at slow spreading mid-ocean ridges: A numerical modeling perspective},
	author={Andersen, Christine and Theissen-Krah, Sonja and Hannington, M and R{\"u}pke, Lars and Petersen, Sven},
	journal={Geochemistry, Geophysics, Geosystems},
	volume={18},
	number={6},
	pages={2305--2320},
	year={2017},
	publisher={Wiley Online Library}
}
@article{tao2013new,
	title={New discovery of seafloor hydrothermal activity on the Indian Ocean Carlsberg Ridge and Southern North Atlantic Ridge—progress during the 26th Chinese COMRA cruise},
	author={Tao, Chunhui and Wu, Guanghai and Deng, Xianming and Qiu, Zhongyan and Han, Chenhua and Long, Yanmei},
	journal={Acta Oceanologica Sinica},
	volume={32},
	number={8},
	pages={85--88},
	year={2013},
	publisher={Springer}
}
@article{tao2013petrophysical,
	title={Petrophysical characteristics of rocks and sulfides from the SWIR hydrothermal field},
	author={Tao, Chunhui and Wu, Tao and Jin, Xiaobing and Dou, Bingjun and Li, Huaiming and Zhou, Jianping},
	journal={Acta Oceanologica Sinica},
	volume={32},
	number={12},
	pages={118--125},
	year={2013},
	publisher={Springer}
}
@article{tao2014seafloor,
	title={Seafloor hydrothermal activity and polymetallic sulfide exploration on the southwest Indian ridge},
	author={Tao, Chunhui and Li, Huaiming and Jin, Xiaobing and Zhou, Jianping and Wu, Tao and He, Yonghua and Deng, Xianming and Gu, Chunhua and Zhang, Guoyin and Liu, Weiyong},
	journal={Chinese Science Bulletin},
	volume={59},
	number={19},
	pages={2266--2276},
	year={2014},
	publisher={Springer}
}
@article{tao2011mineralogical,
	title={Mineralogical and geochemical features of sulfide chimneys from the 49 39′ E hydrothermal field on the Southwest Indian Ridge and their geological inferences},
	author={Tao, ChunHui and Li, HuaiMing and Huang, Wei and Han, XiQiu and Wu, GuangHai and Su, Xin and Zhou, Ning and Lin, Jian and He, YongHua and Zhou, JianPing},
	journal={Chinese Science Bulletin},
	volume={56},
	number={26},
	pages={2828},
	year={2011},
	publisher={Springer}
}
@article{李怀明2008大西洋,
	title={大西洋 TAG 热液活动区流体演化模式},
	author={李怀明 and 翟世奎 and 于增慧},
	journal={中国科学: D 辑},
	volume={38},
	number={9},
	pages={1136--1145},
	year={2008}
}
@article{coumou2006dynamics,
	title={The dynamics of mid-ocean ridge hydrothermal systems: Splitting plumes and fluctuating vent temperatures},
	author={Coumou, Dim and Driesner, Thomas and Geiger, Sebastian and Heinrich, Christoph A and Matth{\"a}i, Stephan},
	journal={Earth and Planetary Science Letters},
	volume={245},
	number={1-2},
	pages={218--231},
	year={2006},
	publisher={Elsevier}
}

@article{weis2014hydrothermal,
	title={Hydrothermal, multiphase convection of H2O-NaCl fluids from ambient to magmatic temperatures: a new numerical scheme and benchmarks for code comparison},
	author={Weis, Philipp and Driesner, Thomas and Coumou, Dim and Geiger, Sebastian},
	journal={Geofluids},
	volume={14},
	number={3},
	pages={347--371},
	year={2014},
	publisher={Wiley Online Library}
}
@article{coumou2008structure,
	title={The structure and dynamics of mid-ocean ridge hydrothermal systems},
	author={Coumou, D and Driesner, T and Heinrich, CA},
	journal={Science},
	volume={321},
	number={5897},
	pages={1825--1828},
	year={2008},
	publisher={American Association for the Advancement of Science}
}
@article{vehling2018implementation,
	title={Implementation Strategies for Accurate and Efficient Control Volume-Based Two-Phase Hydrothermal Flow Solutions},
	author={Vehling, Falko and Hasenclever, J{\"o}rg and R{\"u}pke, Lars},
	journal={Transport in Porous Media},
	volume={121},
	number={2},
	pages={233--261},
	year={2018},
	publisher={Springer}
}
@phdthesis{coumou2008numerical,
	author = {Coumou, D},
	title = {{Numerical simulation of fluid flow in mid-ocean ridge hydrothermal systems }},
	year = {2008},
	school={ETH},
	address = {Zurich}
}

